@misc{wiki:xxx,
  author = Wikipedia,
  title = "中央極限定理 - Wikipedia, the free encyclopedia.",
  year = "2018",
  URL = "https://zh.wikipedia.org/wiki/中央極限定理",
  note = "[Online; accessed 15-June-2018]"
}

@book{de1738doctrine,
  title={The doctrine of Chances},
  author={de Moivre, A.},
  url={https://books.google.com.tw/books?id=PII\_AAAAcAAJ},
  year={1738},
  publisher={Woodfall},
  pages={235-243}
}

@Inbook{Fischer2011,
author="Fischer, Hans",
title="The Central Limit Theorem from Laplace to Cauchy: Changes in Stochastic Objectives and in Analytical Methods",
bookTitle="A History of the Central Limit Theorem: From Classical to Modern Probability Theory",
year="2011",
publisher="Springer New York",
address="New York, NY",
pages="17--74",
abstract="In 1812, Pierre-Simon de Laplace (1749--1827) published the first edition of hisTh{\'e}orie analytique des probabilit{\'e}s (henceforth simply abbreviated by TAP).1 Withits typical problems, stochastic models, and analytic methods this book would considerablyinfluence probability theory and mathematical statistics right until the beginningof the 20th century.",
isbn="978-0-387-87857-7",
doi="10.1007/978-0-387-87857-7_2",
url="https://doi.org/10.1007/978-0-387-87857-7_2"
}

@article{ghasemi2012normality,
  title={Normality tests for statistical analysis: a guide for non-statisticians},
  author={Ghasemi, Asghar and Zahediasl, Saleh},
  journal={International journal of endocrinology and metabolism},
  volume={10},
  number={2},
  pages={486},
  year={2012},
  publisher={Kowsar Medical Institute}
}
